% Encoding: UTF-8

@Article{Deussen2017,
  author    = {Oliver Deussen and Katharina Anna Zweig},
  title     = {Algorithmen und Meinungsbildung},
  journal   = {Informatik-Spektrum},
  year      = {2017},
  volume    = {40},
  number    = {4},
  month     = {jun},
  pages     = {317--317},
  doi       = {10.1007/s00287-017-1053-2},
  publisher = {Springer Nature},
}

@Article{Zweig2017,
  author    = {Katharina A. Zweig and Oliver Deussen and Tobias D. Krafft},
  title     = {Algorithmen und Meinungsbildung},
  journal   = {Informatik-Spektrum},
  year      = {2017},
  volume    = {40},
  number    = {4},
  month     = {jul},
  pages     = {318--326},
  doi       = {10.1007/s00287-017-1050-5},
  publisher = {Springer Nature},
}

@Article{Papakyriakopoulos2017,
  author    = {Orestis Papakyriakopoulos and Morteza Shahrezaye and Andree Thieltges and Juan Carlos Medina Serrano and Simon Hegelich},
  title     = {Social Media und Microtargeting in Deutschland},
  journal   = {Informatik-Spektrum},
  year      = {2017},
  volume    = {40},
  number    = {4},
  month     = {jun},
  pages     = {327--335},
  doi       = {10.1007/s00287-017-1051-4},
  publisher = {Springer Nature},
}

@Article{Krafft2017,
  author    = {Tobias D. Krafft and Katharina A. Zweig},
  title     = {Ein Faktencheck},
  journal   = {Informatik-Spektrum},
  year      = {2017},
  volume    = {40},
  number    = {4},
  month     = {jul},
  pages     = {336--344},
  doi       = {10.1007/s00287-017-1052-3},
  publisher = {Springer Nature},
}

@Article{Loll2017,
  author    = {Anna Catherin Loll},
  title     = {Akteure im Bereich Informatik und Gesellschaft},
  journal   = {Informatik-Spektrum},
  year      = {2017},
  volume    = {40},
  number    = {4},
  month     = {jul},
  pages     = {345--350},
  doi       = {10.1007/s00287-017-1056-z},
  publisher = {Springer Nature},
}

@Article{Schulz2017,
  author    = {Wolfgang Schulz and Kevin Dankert},
  title     = {Informationsintermediäre {\textendash} Anknüpfungspunkte für rechtliche Regulierung},
  journal   = {Informatik-Spektrum},
  year      = {2017},
  volume    = {40},
  number    = {4},
  month     = {jul},
  pages     = {351--354},
  doi       = {10.1007/s00287-017-1058-x},
  publisher = {Springer Nature},
}

@Article{Conradt2017,
  author    = {Uwe Conradt},
  title     = {Eine Regulierung zur Sicherung der Medienvielfalt},
  journal   = {Informatik-Spektrum},
  year      = {2017},
  volume    = {40},
  number    = {4},
  month     = {jul},
  pages     = {355--357},
  doi       = {10.1007/s00287-017-1055-0},
  publisher = {Springer Nature},
}

@Article{Schmidt2017,
  author    = {Jan-Hinrik Schmidt and Sascha Hölig and Lisa Merten and Uwe Hasebrink},
  title     = {Nachrichtennutzung und Meinungsbildung in Zeiten sozialer Medien},
  journal   = {Informatik-Spektrum},
  year      = {2017},
  volume    = {40},
  number    = {4},
  month     = {jun},
  pages     = {358--361},
  doi       = {10.1007/s00287-017-1057-y},
  publisher = {Springer Nature},
}

@Article{Diakopoulos2017,
  author    = {Nicholas Diakopoulos and Oliver Deussen},
  title     = {Brauchen wir eine Rechenschaftspflicht für algorithmische Entscheidungen?},
  journal   = {Informatik-Spektrum},
  year      = {2017},
  volume    = {40},
  number    = {4},
  month     = {jul},
  pages     = {362--366},
  doi       = {10.1007/s00287-017-1059-9},
  publisher = {Springer Nature},
}

@Article{Krolikowski2017,
  author    = {Agata Kr{\'{o}}likowski and Jens-Martin Loebel},
  title     = {Fake-News {\textendash} Können Algorithmen Menschen manipulieren?},
  journal   = {Informatik-Spektrum},
  year      = {2017},
  volume    = {40},
  number    = {4},
  month     = {jul},
  pages     = {367--370},
  doi       = {10.1007/s00287-017-1060-3},
  publisher = {Springer Nature},
}

@Article{Meitinger2017,
  author    = {Thomas Heinz Meitinger},
  title     = {Smart Contracts},
  journal   = {Informatik-Spektrum},
  year      = {2017},
  volume    = {40},
  number    = {4},
  month     = {jun},
  pages     = {371--375},
  doi       = {10.1007/s00287-017-1045-2},
  publisher = {Springer Nature},
}

@Article{Bungartz2017,
  author    = {Hans-Joachim Bungartz},
  title     = {Citius, altius, fortius!},
  journal   = {Informatik-Spektrum},
  year      = {2017},
  volume    = {40},
  number    = {4},
  month     = {apr},
  pages     = {376--381},
  doi       = {10.1007/s00287-017-1039-0},
  publisher = {Springer Nature},
}

@Article{2017a,
  title     = {Mitteilungen der Gesellschaft für Informatik 246. Folge},
  journal   = {Informatik-Spektrum},
  year      = {2017},
  volume    = {40},
  number    = {4},
  month     = {may},
  pages     = {396--398},
  doi       = {10.1007/s00287-017-1043-4},
  publisher = {Springer Nature},
}

@Article{2017b,
  title     = {Die Öffentliche Meinung im Yellow Internet},
  journal   = {Informatik-Spektrum},
  year      = {2017},
  volume    = {40},
  number    = {4},
  month     = {jun},
  pages     = {382--395},
  doi       = {10.1007/s00287-017-1054-1},
  publisher = {Springer Nature},
}

@WWW{Council2017,
  author = {ACM US Public Policy Council},
  title  = {Statement on Algorithmic Transparency and Accountability},
  year   = {2017},
  date   = {2017-01-12},
  url    = {https://www.acm.org/binaries/content/assets/public-policy/2017_usacm_statement_algorithms.pdf},
}

@Article{Baeza-Yates2018,
  author    = {Ricardo Baeza-Yates},
  title     = {Bias on the web},
  journal   = {Communications of the {ACM}},
  year      = {2018},
  volume    = {61},
  number    = {6},
  month     = {may},
  pages     = {54--61},
  doi       = {10.1145/3209581},
  publisher = {Association for Computing Machinery ({ACM})},
}

@WWW{President2016,
  author = {Executive Office of the President},
  title  = {Big Data: A Report on Algorithmic Systems, Opportunity, and Civil Rights},
  year   = {2016},
  date   = {2016-05},
  url    = {https://obamawhitehouse.archives.gov/sites/default/files/microsites/ostp/2016_0504_data_discrimination.pdf},
}

@WWW{Rebecca2018,
  author       = {Rebecca, Maynes and Ian, Everdell},
  title        = {The evolution of Google search results pages \& their effect on user behaviour},
  year         = {2018},
  date         = {2018-05-16},
  url          = {http://www.mediative.com/whitepaper-the-evolution-of-googles-search-results-pages-effects-on-user-behaviour/},
  organization = {Mediative},
}

@WWW{2016,
  author       = {mercer, Andrew and claudia deane and kyley mcgeeney},
  title        = {Why 2016 election polls missed their mark},
  year         = {2016},
  date         = {2016-11-09},
  url          = {http://www.pewresearch.org/fact-tank/2016/11/09/why-2016-election-polls-missed-their-mark/},
  organization = {Pew Research Center},
}

@Article{Olteanu2016,
  author    = {Alexandra Olteanu and Carlos Castillo and Fernando Diaz and Emre Kiciman},
  title     = {Social Data: Biases, Methodological Pitfalls, and Ethical Boundaries},
  journal   = {{SSRN} Electronic Journal},
  year      = {2016},
  doi       = {10.2139/ssrn.2886526},
  publisher = {Elsevier {BV}},
}

@Article{Silberzahn2017,
  author    = {Raphael Silberzahn and Eric Luis Uhlmann and Daniel Patrick Martin and Pasquale Anselmi and Frederik Aust and Eli C. Awtrey and {\v{S}}t{\v{e}}p{\'{a}}n Bahn{\'{\i}}k and Feng Bai and Colin Bannard and Evelina Bonnier and Rickard Carlsson and Felix Cheung and Garret Christensen and Russ Clay and Maureen A. Craig and Anna Dalla Rosa and Lammertjan Dam and Mathew H. Evans and Ismael Flores Cervantes and Nathan Fong and Monica Gamez-Djokic and Andreas Glenz and Shauna Gordon-McKeon and Tim Heaton and Karin Hederos Eriksson and Moritz Heene and Alicia Hofelich Mohr and Fabia Högden and Kent Hui and Magnus Johannesson and Jonathan Kalodimos and Erikson Kaszubowski and Deanna Marie Kennedy and Ryan Lei and Thomas Andrew Lindsay and Silvia Liverani and Christopher R Madan and Daniel C. Molden and Eric Molleman and Richard Donald Morey and Laetitia B. Mulder and Bernard A. Nijstad and Bryson Pope and Nolan G Pope and Jason M. Prenoveau and Floor Rink and Egidio Robusto and Hadiya Roderique and Anna Sandberg and Elmar Schlueter and Felix S and Martin F Sherman and S. Amy Sommer and Kristin Lee Sotak and Seth M. Spain and Christoph Spörlein and Tom Stafford and Luca Stefanutti and Susanne Täuber and Johannes Ullrich and Michelangelo Vianello and Eric-Jan Wagenmakers and Maciej Witkowiak and Sangsuk Yoon and Brian A. Nosek},
  title     = {Many analysts, one dataset: Making transparent how variations in analytical choices affect results},
  year      = {2017},
  month     = {apr},
  doi       = {10.31234/osf.io/qkwst},
  publisher = {Center for Open Science},
}

@WWW{James2018,
  author       = {Vincent James},
  title        = {Twitter taught Microsoft's AI chatbot to be a racist asshole in less than a day},
  year         = {2018},
  date         = {2018-03-24},
  url          = {https://www.theverge.com/2016/3/24/11297050/tay-microsoft-chatbot-racist},
  organization = {The Verge},
}

@Comment{jabref-meta: databaseType:biblatex;}
