% Encoding: UTF-8

% Publishers % ================================================= |

 @String{Academic = "Academic Press" }
 @String{ACMMathSoft = "{ACM} Transactions on Mathematical Software" }
 @String{ACMPress = "{ACM} Press" }
 @String{AdamHilger = "Adam Hilger" }
 @String{AddisonWesley = "Addison-Wesley" }
 @String{AllynBacon = "Allyn and Bacon" }
 @String{AmerMathMonthly = "American Mathematical Monthly" }

 @String{AmerSocio = "American Journal of Sociology" }
 @String{AmerStatAssoc = "Journal of the American Statistical Association" }
 @String{AMS = "American Mathematical Society" }
%%% ====================================================================
%%%  BibTeX-file{
%%%     author          = "Gerry Murray",
%%%     version         = "1.2",
%%%     date            = "2 April 2012",
%%%     filename        = "acmsmall-sample-bibfile.bib",
%%%     address         = "ACM, NY",
%%%     email           = "murray at hq.acm.org",
%%%     codetable       = "ISO/ASCII",
%%%     keywords        = "ACM Reference Format, bibliography, citation, references",
%%%     supported       = "yes",
%%%     docstring       = "This BibTeX database file contains 'bibdata' entries
%%%                        that 'match' the examples provided in the Specifications Document
%%%                        AND, also, 'legacy'-type bibs. It should assist authors in
%%%                        choosing the 'correct' at-bibtype and necessary bib-fields
%%%                        so as to obtain the appropriate ACM Reference Format output.
%%%                        It also contains many 'Standard Abbreviations'. "
%%%  }
%%% ====================================================================

% Journals

% First the Full Name is given, then the abbreviation used in the AMS Math
% Reviews, with an indication if it could not be found there.
% Note the 2nd overwrites the 1st, so swap them if you want the full name.

 %{AMS}
 @String{AMSTrans = "American Mathematical Society Translations" }
 @String{ApplMathComp = "Applied Mathematics and Computation" }
@String{Birkhauser          = {Birkhaüser}}
 @String{BIT = "{BIT}" }
 @String{BritStatPsych = "British Journal of Mathematical and Statistical
          Psychology" }
 @String{BullAMS = "Bulletin of the American Mathematical Society" }

 %ACM
 @String{CACM = "Communications of the {ACM}" }
 @String{CambridgePress = "Cambridge University Press" }
 @String{CanMathBull = "Canadian Mathematical Bulletin" }
 @String{Chelsea = "Chelsea" }
 @String{ClaredonPress = "Claredon Press" }
 @String{CompApplMath = "Journal of Computational and Applied Mathematics" }
 @String{CompJour = "The Computer Journal" }
 @String{CompPhys = "Journal of Computational Physics" }
 @String{CompServ = "Comput. Surveys" }
 @String{CompStruct = "Computers and Structures" }
 @String{CompSysSci = "Journal of Computer and System Sciences" }
% didn't find in AMS MR., ibid.

 %IEEE
 @String{Computer = "{IEEE} Computer" }
 @String{Computing = "Computing" }
 @String{ContempMath = "Contemporary Mathematics" }
 @String{Crelle = "Crelle's Journal" }
 @String{DoverPub = "Dover Publications" }
 @String{Eyolles = "Eyolles" }
 @String{GiornaleMath = "Giornale di Mathematiche" }
 @String{HoltRinehartWinston = "Holt, Rinehart and Winston" }
 @String{IEEESpec = "{IEEE} Spectrum" }  @String{IEEETransAC = "{IEEE} Transactions on Automatic Control" }
% didn't find in AMS MR
 @String{IEEETransAeroElec = "{IEEE} Transactions on Aerospace and Electronic
     Systems" }
 @String{IEEETransComp = "{IEEE} Transactions on Computers" }

 @String{IMANumerAna = "{IMA} Journal of Numerical Analysis" }
 @String{InfProcLet = "Information Processing Letters" }
 @String{InstMathApp = "Journal of the Institute of Mathematics and
     its Applications" }
 @String{IntControl = "International Journal of Control" }
 @String{Interscience = "Interscience" }
 @String{IntNumerEng = "International Journal for Numerical Methods in
     Engineering" }
 @String{IntSuper = "International Journal of Supercomputing Applications" }
 @String{JACM = "J. ACM" }
 @String{JohnsHopkinsPress = "The Johns Hopkins University Press" }
 @String{JohnWileySons = "John Wiley and Sons" }
 @String{JResNatBurStand = "Journal of Research of the National Bureau
     of Standards" }

 %SIAM
 @String{JSIAM = "Journal of the Society for Industrial and Applied
     Mathematics" }
 @String{JSIAMB = "Journal of the Society for Industrial and Applied
     Mathematics, Series B, Numerical Analysis" }
% didn't find
%% in AMS MR
 @String{Kibernetika = "Kibernetika" }
 @String{LinAlgApp = "Linear Algebra and its Applications" }
 @String{Macmillan = "Macmillan" }
 @String{MathAnaAppl = "Journal of Mathematical Analysis and Applications" }
 @String{MathAnnalen = "Mathematische Annalen" }
 @String{MathComp = "Mathematics of Computation" }
 @String{MathPhys = "Journal of Mathematical Physics" }
 @String{MathScand = "Mathematica Scandinavica" }
 @String{MathWorks = "The Math Works Inc." }
 @String{McGrawHill = "McGraw-Hill" }
 @String{NatBurStd = "National Bureau of Standards" }
 @String{NorthHolland = "North-Holland" }
 @String{NumerMath = "Numerische Mathematik" }
 @String{OxfordPress = "Oxford University Press" }   @String{PacificMath = "Pacific Journal of Mathematics" }
% didn't find
%% in AMS MR
 @String{ParComputing = "Parallel Computing" }
 @String{ParDistComp = "Journal of Parallel and Distributed Computing" }
%address Oxford or London?
 @String{PergamonPress = "Pergamon Press" }
 @String{PhilMag = "Philosophical Magazine" }
 @String{PlenumPress = "Plenum Press" }
 @String{PrenticeHall = "Prentice-Hall" }
 @String{ProcAMS = "Proceedings of the American Mathematical Society" }
% didn't find in AMS MR
 @String{ProcIEEE = "Proceedings of the {IEEE}" }
 @String{ProcNAS = "Proceedings of the National Academy of Sciences
                    of the USA" }
 @String{Psychometrika = "Psychometrika" }
 @String{QuartApplMath = "Quarterly of Applied Mathematics" }
 @String{QuartMath = "Quarterly Journal of Mathematics, Oxford, Series (2)" }
 @String{RevueInstStat = "Review of the International Statisical Institute" }
 @String{SIAMAlgMeth = "{SIAM} Journal on Algebraic and Discrete Methods" }
 @String{SIAMAppMath = "{SIAM} Journal on Applied Mathematics" }
 @String{SIAMComp = "{SIAM} Journal on Computing" }
 @String{SIAMMatrix = "{SIAM} Journal on Matrix Analysis and Applications" }
 @String{SIAMNumAnal = "{SIAM} Journal on Numerical Analysis" }
 @String{SIAMPub = "{SIAM} Publications" }
 @String{SIAMReview = "{SIAM} Review" }
 @String{SIAMSciStat = "{SIAM} Journal on Scientific and Statistical
     Computing" }
 @String{SIGNUM = "{ACM} {SIGNUM} Newsletter" }

 @String{SoftPracExp = "Software Practice and Experience" }
 @String{Springer = "Springer-Verlag" }
% didn't find in AMS MR
 @String{StatScience = "Statistical Science" }
 @String{TablesAidsComp = "Mathematical Tables and Other Aids to Computation" }
 @String{Techno = "Technometrics" }
 @String{TexasPress = "University of Texas Press" }
 @String{TransAMS = "Transactions of the American Mathematical Society" }
 @String{USSRCompMathPhys = "{USSR} Computational Mathematics and Mathematical
     Physics" }
 @String{VanNostrand = "Van Nostrand" }
 @String{VLSICompSys = "Journal of {VLSI} and Computer Systems" }
 @String{WHFreeman = "W. H. Freeman and Co." }
 @String{ZAngewMathMech = "Zeitschrift fur Angewandte Mathematik und
     Mechanik" }
 @String{ZAngewMathPhys = "Zeitschrift fur Angewandte Mathematik und Physik" }

@Article{Deussen2017,
  author        = {Oliver Deussen and Katharina Anna Zweig},
  title         = {Algorithmen und Meinungsbildung},
  journal       = {Informatik-Spektrum},
  year          = {2017},
  volume        = {40},
  number        = {4},
  month         = {6},
  pages         = {317--317},
  doi           = {10.1007/s00287-017-1053-2},
  __markedentry = {[Bennet:]},
  publisher     = {Springer Nature},
}

@Article{Zweig2017,
  author        = {Katharina A. Zweig and Oliver Deussen and Tobias D. Krafft},
  title         = {Algorithmen und Meinungsbildung},
  journal       = {Informatik-Spektrum},
  year          = {2017},
  volume        = {40},
  number        = {4},
  month         = {7},
  pages         = {318--326},
  doi           = {10.1007/s00287-017-1050-5},
  __markedentry = {[Bennet:]},
  publisher     = {Springer Nature},
}

@Article{Papakyriakopoulos2017,
  author        = {Orestis Papakyriakopoulos and Morteza Shahrezaye and Andree Thieltges and Juan Carlos Medina Serrano and Simon Hegelich},
  title         = {Social Media und Microtargeting in Deutschland},
  journal       = {Informatik-Spektrum},
  year          = {2017},
  volume        = {40},
  number        = {4},
  month         = {6},
  pages         = {327--335},
  doi           = {10.1007/s00287-017-1051-4},
  __markedentry = {[Bennet:]},
  publisher     = {Springer Nature},
}

@Article{Krafft2017,
  author        = {Tobias D. Krafft and Katharina A. Zweig},
  title         = {Ein Faktencheck},
  journal       = {Informatik-Spektrum},
  year          = {2017},
  volume        = {40},
  number        = {4},
  month         = {7},
  pages         = {336--344},
  doi           = {10.1007/s00287-017-1052-3},
  __markedentry = {[Bennet:]},
  publisher     = {Springer Nature},
}

@Article{Loll2017,
  author        = {Anna Catherin Loll},
  title         = {Akteure im Bereich Informatik und Gesellschaft},
  journal       = {Informatik-Spektrum},
  year          = {2017},
  volume        = {40},
  number        = {4},
  month         = {7},
  pages         = {345--350},
  doi           = {10.1007/s00287-017-1056-z},
  __markedentry = {[Bennet:]},
  publisher     = {Springer Nature},
}

@Article{Schulz2017,
  author        = {Wolfgang Schulz and Kevin Dankert},
  title         = {Informationsintermediäre {\textendash} Anknüpfungspunkte für rechtliche Regulierung},
  journal       = {Informatik-Spektrum},
  year          = {2017},
  volume        = {40},
  number        = {4},
  month         = {7},
  pages         = {351--354},
  doi           = {10.1007/s00287-017-1058-x},
  __markedentry = {[Bennet:]},
  publisher     = {Springer Nature},
}

@Article{Conradt2017,
  author        = {Uwe Conradt},
  title         = {Eine Regulierung zur Sicherung der Medienvielfalt},
  journal       = {Informatik-Spektrum},
  year          = {2017},
  volume        = {40},
  number        = {4},
  month         = {7},
  pages         = {355--357},
  doi           = {10.1007/s00287-017-1055-0},
  __markedentry = {[Bennet:]},
  publisher     = {Springer Nature},
}

@Article{Schmidt2017,
  author        = {Jan-Hinrik Schmidt and Sascha Hölig and Lisa Merten and Uwe Hasebrink},
  title         = {Nachrichtennutzung und Meinungsbildung in Zeiten sozialer Medien},
  journal       = {Informatik-Spektrum},
  year          = {2017},
  volume        = {40},
  number        = {4},
  month         = {6},
  pages         = {358--361},
  doi           = {10.1007/s00287-017-1057-y},
  __markedentry = {[Bennet:]},
  publisher     = {Springer Nature},
}

@Article{Diakopoulos2017,
  author        = {Nicholas Diakopoulos and Oliver Deussen},
  title         = {Brauchen wir eine Rechenschaftspflicht für algorithmische Entscheidungen?},
  journal       = {Informatik-Spektrum},
  year          = {2017},
  volume        = {40},
  number        = {4},
  month         = {7},
  pages         = {362--366},
  doi           = {10.1007/s00287-017-1059-9},
  __markedentry = {[Bennet:]},
  publisher     = {Springer Nature},
}

@Article{Krolikowski2017,
  author        = {Agata Kr{\'{o}}likowski and Jens-Martin Loebel},
  title         = {Fake-News {\textendash} Können Algorithmen Menschen manipulieren?},
  journal       = {Informatik-Spektrum},
  year          = {2017},
  volume        = {40},
  number        = {4},
  month         = {7},
  pages         = {367--370},
  doi           = {10.1007/s00287-017-1060-3},
  __markedentry = {[Bennet:]},
  publisher     = {Springer Nature},
}

@Article{Meitinger2017,
  author        = {Thomas Heinz Meitinger},
  title         = {Smart Contracts},
  journal       = {Informatik-Spektrum},
  year          = {2017},
  volume        = {40},
  number        = {4},
  month         = {6},
  pages         = {371--375},
  doi           = {10.1007/s00287-017-1045-2},
  __markedentry = {[Bennet:]},
  publisher     = {Springer Nature},
}

@Article{Bungartz2017,
  author        = {Hans-Joachim Bungartz},
  title         = {Citius, altius, fortius!},
  journal       = {Informatik-Spektrum},
  year          = {2017},
  volume        = {40},
  number        = {4},
  month         = {4},
  pages         = {376--381},
  doi           = {10.1007/s00287-017-1039-0},
  __markedentry = {[Bennet:]},
  publisher     = {Springer Nature},
}

@Article{2017,
  title         = {Mitteilungen der Gesellschaft für Informatik 246. Folge},
  journal       = {Informatik-Spektrum},
  year          = {2017},
  volume        = {40},
  number        = {4},
  month         = {5},
  pages         = {396--398},
  doi           = {10.1007/s00287-017-1043-4},
  __markedentry = {[Bennet:]},
  publisher     = {Springer Nature},
}

@Article{2017a,
  title         = {Die Öffentliche Meinung im Yellow Internet},
  journal       = {Informatik-Spektrum},
  year          = {2017},
  volume        = {40},
  number        = {4},
  month         = {6},
  pages         = {382--395},
  doi           = {10.1007/s00287-017-1054-1},
  __markedentry = {[Bennet:]},
  publisher     = {Springer Nature},
}

@WWW{Council2017,
  author        = {ACM US Public Policy Council},
  title         = {Statement on Algorithmic Transparency and Accountability},
  year          = {2017},
  date          = {2017-01-12},
  url           = {https://www.acm.org/binaries/content/assets/public-policy/2017_usacm_statement_algorithms.pdf},
  __markedentry = {[Bennet:]},
}

@Article{Baeza-Yates2018,
  author        = {Ricardo Baeza-Yates},
  title         = {Bias on the web},
  journal       = {Communications of the {ACM}},
  year          = {2018},
  volume        = {61},
  number        = {6},
  month         = {5},
  pages         = {54--61},
  doi           = {10.1145/3209581},
  __markedentry = {[Bennet:]},
  publisher     = {Association for Computing Machinery ({ACM})},
}

@WWW{President2016,
  author        = {Executive Office of the President},
  title         = {Big Data: A Report on Algorithmic Systems, Opportunity, and Civil Rights},
  year          = {2016},
  date          = {2016-05},
  url           = {https://obamawhitehouse.archives.gov/sites/default/files/microsites/ostp/2016_0504_data_discrimination.pdf},
  __markedentry = {[Bennet:]},
}

@WWW{Rebecca2018,
  author        = {Rebecca, Maynes and Ian, Everdell},
  title         = {The evolution of Google search results pages \& their effect on user behaviour},
  year          = {2018},
  date          = {2018-05-16},
  url           = {http://www.mediative.com/whitepaper-the-evolution-of-googles-search-results-pages-effects-on-user-behaviour/},
  organization  = {Mediative},
  __markedentry = {[Bennet:]},
}

@WWW{2016,
  author        = {mercer, Andrew and claudia deane and kyley mcgeeney},
  title         = {Why 2016 election polls missed their mark},
  year          = {2016},
  date          = {2016-11-09},
  url           = {http://www.pewresearch.org/fact-tank/2016/11/09/why-2016-election-polls-missed-their-mark/},
  organization  = {Pew Research Center},
  __markedentry = {[Bennet:]},
}

@Article{Olteanu2016,
  author        = {Alexandra Olteanu and Carlos Castillo and Fernando Diaz and Emre Kiciman},
  title         = {Social Data: Biases, Methodological Pitfalls, and Ethical Boundaries},
  journal       = {{SSRN} Electronic Journal},
  year          = {2016},
  doi           = {10.2139/ssrn.2886526},
  __markedentry = {[Bennet:]},
  publisher     = {Elsevier {BV}},
}

@Article{Silberzahn2017,
  author        = {Raphael Silberzahn and Eric Luis Uhlmann and Daniel Patrick Martin and Pasquale Anselmi and Frederik Aust and Eli C. Awtrey and {\v{S}}t{\v{e}}p{\'{a}}n Bahn{\'{\i}}k and Feng Bai and Colin Bannard and Evelina Bonnier and Rickard Carlsson and Felix Cheung and Garret Christensen and Russ Clay and Maureen A. Craig and Anna Dalla Rosa and Lammertjan Dam and Mathew H. Evans and Ismael Flores Cervantes and Nathan Fong and Monica Gamez-Djokic and Andreas Glenz and Shauna Gordon-McKeon and Tim Heaton and Karin Hederos Eriksson and Moritz Heene and Alicia Hofelich Mohr and Fabia Högden and Kent Hui and Magnus Johannesson and Jonathan Kalodimos and Erikson Kaszubowski and Deanna Marie Kennedy and Ryan Lei and Thomas Andrew Lindsay and Silvia Liverani and Christopher R Madan and Daniel C. Molden and Eric Molleman and Richard Donald Morey and Laetitia B. Mulder and Bernard A. Nijstad and Bryson Pope and Nolan G Pope and Jason M. Prenoveau and Floor Rink and Egidio Robusto and Hadiya Roderique and Anna Sandberg and Elmar Schlueter and Felix S and Martin F Sherman and S. Amy Sommer and Kristin Lee Sotak and Seth M. Spain and Christoph Spörlein and Tom Stafford and Luca Stefanutti and Susanne Täuber and Johannes Ullrich and Michelangelo Vianello and Eric-Jan Wagenmakers and Maciej Witkowiak and Sangsuk Yoon and Brian A. Nosek},
  title         = {Many analysts, one dataset: Making transparent how variations in analytical choices affect results},
  year          = {2017},
  month         = {4},
  doi           = {10.31234/osf.io/qkwst},
  __markedentry = {[Bennet:]},
  publisher     = {Center for Open Science},
}

@WWW{James2018,
  author        = {Vincent James},
  title         = {Twitter taught Microsoft's AI chatbot to be a racist asshole in less than a day},
  year          = {2018},
  date          = {2018-03-24},
  url           = {https://www.theverge.com/2016/3/24/11297050/tay-microsoft-chatbot-racist},
  organization  = {The Verge},
  __markedentry = {[Bennet:]},
}

@Article{Higginbottom2018,
  author  = {Karen Higginbottom},
  title   = {The Pros And Cons Of Algorithms In Recruitment},
  journal = {{Forbes}},
  year    = {2018},
  date    = {2018-10-19},
  url     = {https://www.forbes.com/sites/karenhigginbottom/2018/10/19/the-pros-and-cons-of-algorithms-in-recruitment/},
  urldate = {2019-02-23},
}

@Article{Eykholt2017,
  author        = {Kevin Eykholt and Ivan Evtimov and Earlence Fernandes and Bo Li and Amir Rahmati and Chaowei Xiao and Atul Prakash and Tadayoshi Kohno and Dawn Song},
  title         = {Robust Physical-World Attacks on Deep Learning Models},
  date          = {2017-07-27},
  eprint        = {1707.08945v5},
  eprintclass   = {cs.CR},
  eprinttype    = {arXiv},
  __markedentry = {[Bennet:6]},
  file          = {:http\://arxiv.org/pdf/1707.08945v5:PDF},
  keywords      = {cs.CR, cs.LG},
}

@Comment{jabref-meta: databaseType:biblatex;}
