% Encoding: UTF-8

% Publishers % ================================================= |

 @String{Academic = "Academic Press" }
 @String{ACMMathSoft = "{ACM} Transactions on Mathematical Software" }
 @String{ACMPress = "{ACM} Press" }
 @String{AdamHilger = "Adam Hilger" }
 @String{AddisonWesley = "Addison-Wesley" }
 @String{AllynBacon = "Allyn and Bacon" }
 @String{AmerMathMonthly = "American Mathematical Monthly" }

 @String{AmerSocio = "American Journal of Sociology" }
 @String{AmerStatAssoc = "Journal of the American Statistical Association" }
 @String{AMS = "American Mathematical Society" }
%%% ====================================================================
%%%  BibTeX-file{
%%%     author          = "Gerry Murray",
%%%     version         = "1.2",
%%%     date            = "2 April 2012",
%%%     filename        = "acmsmall-sample-bibfile.bib",
%%%     address         = "ACM, NY",
%%%     email           = "murray at hq.acm.org",
%%%     codetable       = "ISO/ASCII",
%%%     keywords        = "ACM Reference Format, bibliography, citation, references",
%%%     supported       = "yes",
%%%     docstring       = "This BibTeX database file contains 'bibdata' entries
%%%                        that 'match' the examples provided in the Specifications Document
%%%                        AND, also, 'legacy'-type bibs. It should assist authors in
%%%                        choosing the 'correct' at-bibtype and necessary bib-fields
%%%                        so as to obtain the appropriate ACM Reference Format output.
%%%                        It also contains many 'Standard Abbreviations'. "
%%%  }
%%% ====================================================================

% Journals

% First the Full Name is given, then the abbreviation used in the AMS Math
% Reviews, with an indication if it could not be found there.
% Note the 2nd overwrites the 1st, so swap them if you want the full name.

 %{AMS}
 @String{AMSTrans = "American Mathematical Society Translations" }
 @String{ApplMathComp = "Applied Mathematics and Computation" }
 @String{Birkhauser = "Birkha{\"u}ser" }
 @String{BIT = "{BIT}" }
 @String{BritStatPsych = "British Journal of Mathematical and Statistical
          Psychology" }
 @String{BullAMS = "Bulletin of the American Mathematical Society" }

 %ACM
 @String{CACM = "Communications of the {ACM}" }
 @String{CambridgePress = "Cambridge University Press" }
 @String{CanMathBull = "Canadian Mathematical Bulletin" }
 @String{Chelsea = "Chelsea" }
 @String{ClaredonPress = "Claredon Press" }
 @String{CompApplMath = "Journal of Computational and Applied Mathematics" }
 @String{CompJour = "The Computer Journal" }
 @String{CompPhys = "Journal of Computational Physics" }
 @String{CompServ = "Comput. Surveys" }
 @String{CompStruct = "Computers and Structures" }
 @String{CompSysSci = "Journal of Computer and System Sciences" }
% didn't find in AMS MR., ibid.

 %IEEE
 @String{Computer = "{IEEE} Computer" }
 @String{Computing = "Computing" }
 @String{ContempMath = "Contemporary Mathematics" }
 @String{Crelle = "Crelle's Journal" }
 @String{DoverPub = "Dover Publications" }
 @String{Eyolles = "Eyolles" }
 @String{GiornaleMath = "Giornale di Mathematiche" }
 @String{HoltRinehartWinston = "Holt, Rinehart and Winston" }
 @String{IEEESpec = "{IEEE} Spectrum" }  @String{IEEETransAC = "{IEEE} Transactions on Automatic Control" }
% didn't find in AMS MR
 @String{IEEETransAeroElec = "{IEEE} Transactions on Aerospace and Electronic
     Systems" }
 @String{IEEETransComp = "{IEEE} Transactions on Computers" }

 @String{IMANumerAna = "{IMA} Journal of Numerical Analysis" }
 @String{InfProcLet = "Information Processing Letters" }
 @String{InstMathApp = "Journal of the Institute of Mathematics and
     its Applications" }
 @String{IntControl = "International Journal of Control" }
 @String{Interscience = "Interscience" }
 @String{IntNumerEng = "International Journal for Numerical Methods in
     Engineering" }
 @String{IntSuper = "International Journal of Supercomputing Applications" }
 @String{JACM = "J. ACM" }
 @String{JohnsHopkinsPress = "The Johns Hopkins University Press" }
 @String{JohnWileySons = "John Wiley and Sons" }
 @String{JResNatBurStand = "Journal of Research of the National Bureau
     of Standards" }

 %SIAM
 @String{JSIAM = "Journal of the Society for Industrial and Applied
     Mathematics" }
 @String{JSIAMB = "Journal of the Society for Industrial and Applied
     Mathematics, Series B, Numerical Analysis" }
% didn't find
%% in AMS MR
 @String{Kibernetika = "Kibernetika" }
 @String{LinAlgApp = "Linear Algebra and its Applications" }
 @String{Macmillan = "Macmillan" }
 @String{MathAnaAppl = "Journal of Mathematical Analysis and Applications" }
 @String{MathAnnalen = "Mathematische Annalen" }
 @String{MathComp = "Mathematics of Computation" }
 @String{MathPhys = "Journal of Mathematical Physics" }
 @String{MathScand = "Mathematica Scandinavica" }
 @String{MathWorks = "The Math Works Inc." }
 @String{McGrawHill = "McGraw-Hill" }
 @String{NatBurStd = "National Bureau of Standards" }
 @String{NorthHolland = "North-Holland" }
 @String{NumerMath = "Numerische Mathematik" }
 @String{OxfordPress = "Oxford University Press" }   @String{PacificMath = "Pacific Journal of Mathematics" }
% didn't find
%% in AMS MR
 @String{ParComputing = "Parallel Computing" }
 @String{ParDistComp = "Journal of Parallel and Distributed Computing" }
%address Oxford or London?
 @String{PergamonPress = "Pergamon Press" }
 @String{PhilMag = "Philosophical Magazine" }
 @String{PlenumPress = "Plenum Press" }
 @String{PrenticeHall = "Prentice-Hall" }
 @String{ProcAMS = "Proceedings of the American Mathematical Society" }
% didn't find in AMS MR
 @String{ProcIEEE = "Proceedings of the {IEEE}" }
 @String{ProcNAS = "Proceedings of the National Academy of Sciences
                    of the USA" }
 @String{Psychometrika = "Psychometrika" }
 @String{QuartApplMath = "Quarterly of Applied Mathematics" }
 @String{QuartMath = "Quarterly Journal of Mathematics, Oxford, Series (2)" }
 @String{RevueInstStat = "Review of the International Statisical Institute" }
 @String{SIAMAlgMeth = "{SIAM} Journal on Algebraic and Discrete Methods" }
 @String{SIAMAppMath = "{SIAM} Journal on Applied Mathematics" }
 @String{SIAMComp = "{SIAM} Journal on Computing" }
 @String{SIAMMatrix = "{SIAM} Journal on Matrix Analysis and Applications" }
 @String{SIAMNumAnal = "{SIAM} Journal on Numerical Analysis" }
 @String{SIAMPub = "{SIAM} Publications" }
 @String{SIAMReview = "{SIAM} Review" }
 @String{SIAMSciStat = "{SIAM} Journal on Scientific and Statistical
     Computing" }
 @String{SIGNUM = "{ACM} {SIGNUM} Newsletter" }

 @String{SoftPracExp = "Software Practice and Experience" }
 @String{Springer = "Springer-Verlag" }
% didn't find in AMS MR
 @String{StatScience = "Statistical Science" }
 @String{TablesAidsComp = "Mathematical Tables and Other Aids to Computation" }
 @String{Techno = "Technometrics" }
 @String{TexasPress = "University of Texas Press" }
 @String{TransAMS = "Transactions of the American Mathematical Society" }
 @String{USSRCompMathPhys = "{USSR} Computational Mathematics and Mathematical
     Physics" }
 @String{VanNostrand = "Van Nostrand" }
 @String{VLSICompSys = "Journal of {VLSI} and Computer Systems" }
 @String{WHFreeman = "W. H. Freeman and Co." }
 @String{ZAngewMathMech = "Zeitschrift fur Angewandte Mathematik und
     Mechanik" }
 @String{ZAngewMathPhys = "Zeitschrift fur Angewandte Mathematik und Physik" }

%Entries

@Article{Abril07,
  author       = {Patricia S. Abril and Robert Plant},
  title        = {The patent holder's dilemma: Buy, sell, or troll?},
  journaltitle = {Communications of the ACM},
  date         = {2007-01},
  volume       = {50},
  number       = {1},
  pages        = {36--44},
  doi          = {10.1145/1188913.1188915},
}

@Article{Cohen07,
  author       = {Sarah Cohen and Werner Nutt and Yehoshua Sagic},
  title        = {Deciding equivalances among conjunctive aggregate queries},
  journaltitle = JACM,
  date         = {2007-04},
  volume       = {54},
  number       = {2},
  doi          = {10.1145/1219092.1219093},
  acmid        = {1219093},
  articleno    = {5},
  numpages     = {50},
}

@Periodical{JCohen96,
  editor       = {Jacques Cohen},
  title        = {Special issue: Digital Libraries},
  date         = {1996-11},
  volume       = {39},
  number       = {11},
  journaltitle = CACM,
  sortkey      = {Cohen},
}

@Book{Kosiur01,
  author    = {David Kosiur},
  title     = {Understanding Policy-Based Networking},
  date      = {2001},
  edition   = {2},
  publisher = {Wiley},
  location  = {New York, NY},
}

@Book{Harel79,
  author    = {David Harel},
  title     = {First-Order Dynamic Logic},
  date      = {1979},
  volume    = {68},
  series    = {Lecture Notes in Computer Science},
  publisher = {Springer-Verlag},
  location  = {New York, NY},
  doi       = {10.1007/3-540-09237-4},
}

@InBook{Editor00,
  title     = {The title of book one},
  date      = {2007},
  editor    = {Ian Editor},
  subtitle  = {The book subtitle},
  volume    = {9},
  edition   = {1},
  series    = {The name of the series one},
  publisher = {University of Chicago Press},
  location  = {Chicago},
  doi       = {10.1007/3-540-09237-4},
}

%

@InBook{Editor00a,
  title     = {The title of book two},
  date      = {2008},
  editor    = {Ian Editor},
  subtitle  = {The book subtitle},
  edition   = {2},
  series    = {The name of the series two},
  publisher = {University of Chicago Press},
  location  = {Chicago},
  chapter   = {100},
  doi       = {10.1007/3-540-09237-4},
}


% incollection (has an editor, title, and possibly a booktitle)

@InCollection{Spector90,
  author    = {Asad Z. Spector},
  title     = {Achieving application requirements},
  booktitle = {Distributed Systems},
  date      = {1990},
  editor    = {Sape Mullender},
  edition   = {2},
  publisher = {ACM Press},
  location  = {New York, NY},
  pages     = {19--33},
  doi       = {10.1145/90417.90738},
}


% incollection (has an editor, title, and possibly a booktitle)

@InCollection{Douglass98,
  author    = {Bruce P. Douglass and David Harel and Mark B. Trakhtenbrot},
  title     = {Statecarts in use: structured analysis and object-orientation},
  booktitle = {Lectures on Embedded Systems},
  date      = {1998},
  editor    = {Grzegorz Rozenberg and Frits W. Vaandrager},
  volume    = {1494},
  series    = {Lecture Notes in Computer Science},
  publisher = {Springer-Verlag},
  location  = {London},
  pages     = {368--394},
  doi       = {10.1007/3-540-65193-4_29},
}

@Book{Knuth97,
  author    = {Donald E. Knuth},
  title     = {The Art of Computer Programming, Vol. 1: Fundamental Algorithms (3rd. ed.)},
  date      = {1997},
  publisher = {Addison Wesley Longman Publishing Co., Inc.},
}

@Book{Knuth98,
  author    = {Donald E. Knuth},
  title     = {The Art of Computer Programming},
  date      = {1998},
  volume    = {1},
  edition   = {3},
  series    = {Fundamental Algorithms},
  note      = {(book)},
  publisher = {Addison Wesley Longman Publishing Co., Inc.},
}

%Inbook{Knuth97,
%  author =       "Donald E. Knuth",
%  title =        "The Art of Computer Programming",
%  booktitle =    "the booktitle",
%  edition =      "3",
%  volume =       "1",
%  year =         "1997",
%  publisher =    "Addison Wesley Longman Publishing Co., Inc.",
%  editor =       "",
%  number =       "",
%  series =       "Fundamental Algorithms",
%  type =         "",
%  chapter =      "",
%  pages =        "",
%  address =      "",
%  month =        "",
%  note =         "(inbook)",
%}

%INBOOK{DK:73-inbook-full,
%   author = "Donald E. Knuth",
%   title = "Fundamental Algorithms (inbook w series)",
%   volume = 1,
%   series = "The Art of Computer Programming",
%   publisher = "Addison-Wesley",
%   address = "Reading, Massachusetts",
%   edition = "Second",
%   month = "10~" # jan,
%   year = "1973",
%   type = "Section",
%   chapter = "1.2",
%   pages = "10--119",
%   note = "Full INBOOK entry (w series)",
%}

%INcollection{DK:74-incoll,
%   author = "Donald E. Knuth",
%   title = "Fundamental Algorithms (incoll)",
%   volume = 1,
%   booktitle = "The Art of Computer Programming",
%   publisher = "Addison-Wesley",
%   address = "Reading, Massachusetts",
%   month = "10~" # jan,
%   year = "1974",
%   pages = "10--119",
%   editor = "Bernard Rous",
%   note = "This is a full incoll entry with an editor",
%}

%INcollection{DK:75-incollws,
%   author = "Donald E. Knuth",
%   title = "Fundamental Algorithms (incoll w series)",
%   volume = 1,
%   booktitle = "The Art of Computer Programming",
%   series = "The Art of Computer Programming",
%   publisher = "Addison-Wesley",
%   address = "Reading, Massachusetts",
%   month = "10~" # jan,
%   year = "1975",
%   pages = "10--119",
%   editor = "Bernard Rous",
%   note = "This is a full incoll entry with an editor and series",
%}

@InCollection{GM05,
  author    = {Dan Geiger and Christopher Meek},
  title     = {Structured Variational Inference Procedures and their Realizations (as incol)},
  booktitle = {Proceedings of Tenth International Workshop on Artificial Intelligence and Statistics, The Barbados},
  date      = {2005-01},
  publisher = {The Society for Artificial Intelligence and Statistics},
  editors   = {Z. Ghahramani and R. Cowell},
}

@InProceedings{Smith10,
  author    = {Stan W. Smith},
  title     = {An experiment in bibliographic mark-up: Parsing metadata for XML export},
  booktitle = {Proceedings of the 3rd. annual workshop on Librarians and Computers},
  date      = {2010},
  editor    = {Reginald N. Smythe and Alexander Noble},
  volume    = {3},
  series    = {LAC '10},
  publisher = {Paparazzi Press},
  location  = {Milan Italy},
  pages     = {422--431},
  url       = {http://dx.doi.org/99.0000/woot07-S422},
}

@InProceedings{VanGundy07,
  author    = {Matthew Van Gundy and Davide Balzarotti and Giovanni Vigna},
  title     = {Catch me, if you can: Evading network signatures with web-based polymorphic worms},
  booktitle = {Proceedings of the first USENIX workshop on Offensive Technologies},
  date      = {2007},
  series    = {WOOT '07},
  publisher = {USENIX Association},
  location  = {Berkley, CA},
  articleno = {7},
  numpages  = {9},
}

@InProceedings{VanGundy08,
  author    = {Matthew Van Gundy and Davide Balzarotti and Giovanni Vigna},
  title     = {Catch me, if you can: Evading network signatures with web-based polymorphic worms},
  booktitle = {Proceedings of the first USENIX workshop on Offensive Technologies},
  date      = {2008},
  series    = {WOOT '08},
  publisher = {USENIX Association},
  location  = {Berkley, CA},
  pages     = {99--100},
  articleno = {7},
  numpages  = {2},
}

@InProceedings{VanGundy09,
  author    = {Matthew Van Gundy and Davide Balzarotti and Giovanni Vigna},
  title     = {Catch me, if you can: Evading network signatures with web-based polymorphic worms},
  booktitle = {Proceedings of the first USENIX workshop on Offensive Technologies},
  date      = {2009},
  series    = {WOOT '09},
  publisher = {USENIX Association},
  location  = {Berkley, CA},
  pages     = {90--100},
}

@InProceedings{Andler79,
  author    = {Sten Andler},
  title     = {Predicate Path expressions},
  booktitle = {Proceedings of the 6th. ACM SIGACT-SIGPLAN symposium on Principles of Programming Languages},
  date      = {1979},
  series    = {POPL '79},
  publisher = {ACM Press},
  location  = {New York, NY},
  pages     = {226--236},
  doi       = {10.1145/567752.567774},
}

@TechReport{Harel78,
  author      = {David Harel},
  title       = {LOGICS of Programs: AXIOMATICS and DESCRIPTIVE POWER},
  institution = {Massachusetts Institute of Technology},
  date        = {1978},
  type        = {MIT Research Lab Technical Report},
  number      = {TR-200},
  location    = {Cambridge, MA},
}

@MastersThesis{anisi03,
  author      = {David A. Anisi},
  title       = {Optimal Motion Control of a Ground Vehicle},
  institution = {Royal Institute of Technology (KTH), Stockholm, Sweden},
  date        = {2003},
  intitution  = {FOI-R-0961-SE, Swedish Defence Research Agency (FOI)},
}

@PhdThesis{Clarkson85,
  author      = {Kenneth L. Clarkson},
  title       = {Algorithms for Closest-Point Problems (Computational Geometry)},
  institution = {Stanford University},
  date        = {1985},
  note        = {UMI Order Number: AAT 8506171},
  location    = {Palo Alto, CA},
}

@Online{Thornburg01,
  author       = {Harry Thornburg},
  title        = {Introduction to Bayesian Statistics},
  date         = {2001-03},
  url          = {http://ccrma.stanford.edu/~jos/bayes/bayes.html},
  lastaccessed = {March 2, 2005},
}

@Online{Ablamowicz07,
  author       = {Rafal Ablamowicz and Bertfried Fauser},
  title        = {CLIFFORD: a Maple 11 Package for Clifford Algebra Computations, version 11},
  date         = {2007},
  url          = {http://math.tntech.edu/rafal/cliff11/index.html},
  lastaccessed = {February 28, 2008},
}

@Misc{Poker06,
  author       = {Poker-Edge.Com},
  title        = {Stats and Analysis},
  date         = {2006-03},
  url          = {http://www.poker-edge.com/stats.php},
  lastaccessed = {June 7, 2006},
}

@Misc{Obama08,
  author       = {Barack Obama},
  title        = {A more perfect union},
  date         = {2008-03-05},
  howpublished = {Video},
  url          = {http://video.google.com/videoplay?docid=6528042696351994555},
  day          = {5},
  lastaccessed = {March 21, 2008},
}

@Misc{JoeScientist001,
  author = {Joseph Scientist},
  title  = {The fountain of youth},
  date   = {2009-08},
  note   = {Patent No. 12345, Filed July 1st., 2008, Issued Aug. 9th., 2009},
}

@InProceedings{Novak03,
  author       = {Dave Novak},
  title        = {Solder man},
  booktitle    = {ACM SIGGRAPH 2003 Video Review on Animation theater Program: Part I - Vol. 145 (July 27--27, 2003)},
  date         = {2003-03},
  publisher    = {ACM Press},
  location     = {New York, NY},
  pages        = {4},
  url          = {http://video.google.com/videoplay?docid=6528042696351994555},
  howpublished = {Video},
}

@Article{Lee05,
  author       = {Newton Lee},
  title        = {Interview with Bill Kinder: January 13, 2005},
  journaltitle = {Computer Entertainment},
  date         = {2005-01},
  volume       = {3},
  number       = {1},
  eid          = {4},
  doi          = {10.1145/1057270.1057278},
  howpublished = {Video},
}

@Article{Rous08,
  author       = {Bernard Rous},
  title        = {The Enabling of Digital Libraries},
  journaltitle = {Digital Libraries},
  date         = {2008-07},
  volume       = {12},
  number       = {3},
  note         = {To appear},
  articleno    = {5},
}

@Article{384253,
  author       = {Werneck, Renato and Setubal, João and da Conceicão, Arlindo},
  title        = {(old) Finding minimum congestion spanning trees},
  journaltitle = {J. Exp. Algorithmics},
  date         = {2000},
  volume       = {5},
  pages        = {11},
  issn         = {1084-6654},
  doi          = {10.1145/351827.384253},
  location     = {New York, NY, USA},
  publisher    = {ACM},
}

@Article{Werneck:2000:FMC:351827.384253,
  author       = {Werneck, Renato and Setubal, João and da Conceicão, Arlindo},
  title        = {(new) Finding minimum congestion spanning trees},
  journaltitle = {J. Exp. Algorithmics},
  date         = {2000-12},
  volume       = {5},
  issn         = {1084-6654},
  doi          = {10.1145/351827.384253},
  url          = {http://portal.acm.org/citation.cfm?id=351827.384253},
  acmid        = {384253},
  articleno    = {11},
  location     = {New York, NY, USA},
  publisher    = {ACM},
}

@Article{1555162,
  author       = {Conti, Mauro and Di Pietro, Roberto and Mancini, Luigi V. and Mei, Alessandro},
  title        = {(old) Distributed data source verification in wireless sensor networks},
  journaltitle = {Inf. Fusion},
  date         = {2009},
  volume       = {10},
  number       = {4},
  pages        = {342--353},
  issn         = {1566-2535},
  doi          = {10.1016/j.inffus.2009.01.002},
  location     = {Amsterdam, The Netherlands, The Netherlands},
  publisher    = {Elsevier Science Publishers B. V.},
}

@Article{Conti:2009:DDS:1555009.1555162,
  author       = {Conti, Mauro and Di Pietro, Roberto and Mancini, Luigi V. and Mei, Alessandro},
  title        = {(new) Distributed data source verification in wireless sensor networks},
  journaltitle = {Inf. Fusion},
  date         = {2009-10},
  volume       = {10},
  number       = {4},
  pages        = {342--353},
  issn         = {1566-2535},
  doi          = {10.1016/j.inffus.2009.01.002},
  url          = {http://portal.acm.org/citation.cfm?id=1555009.1555162},
  acmid        = {1555162},
  keywords     = {Clone detection, Distributed protocol, Securing data fusion, Wireless sensor networks},
  location     = {Amsterdam, The Netherlands, The Netherlands},
  numpages     = {12},
  publisher    = {Elsevier Science Publishers B. V.},
}

@InProceedings{Li:2008:PUC:1358628.1358946,
  author    = {Li, Cheng-Lun and Buyuktur, Ayse G. and Hutchful, David K. and Sant, Natasha B. and Nainwal, Satyendra K.},
  title     = {Portalis: using competitive online interactions to support aid initiatives for the homeless},
  booktitle = {CHI '08 extended abstracts on Human factors in computing systems},
  date      = {2008},
  publisher = {ACM},
  location  = {Florence, Italy},
  pages     = {3873--3878},
  doi       = {10.1145/1358628.1358946},
  url       = {http://portal.acm.org/citation.cfm?id=1358628.1358946},
  acmid     = {1358946},
  address   = {New York, NY, USA},
  keywords  = {cscw, distributed knowledge acquisition, incentive design, online games, recommender systems, reputation systems, user studies, virtual community},
  numpages  = {6},
}

@Book{Hollis:1999:VBD:519964,
  author    = {Hollis, Billy S.},
  title     = {Visual Basic 6: Design, Specification, and Objects with Other},
  date      = {1999},
  edition   = {1},
  publisher = {Prentice Hall PTR},
  location  = {Upper Saddle River, NJ, USA},
  isbn      = {0130850845},
}

@Book{Goossens:1999:LWC:553897,
  author    = {Goossens, Michel and Rahtz, S. P. and Moore, Ross and Sutor, Robert S.},
  title     = {The Latex Web Companion: Integrating TEX, HTML, and XML},
  date      = {1999},
  edition   = {1},
  publisher = {Addison-Wesley Longman Publishing Co., Inc.},
  location  = {Boston, MA, USA},
  isbn      = {0201433117},
}

% need to test genres for errant isbn output

% techreport

@TechReport{897367,
  author    = {Buss, Jonathan F. and Rosenberg, Arnold L. and Knott, Judson D.},
  title     = {Vertex Types in Book-Embeddings},
  date      = {1987},
  location  = {Amherst, MA, USA},
  publisher = {University of Massachusetts},
  source    = {http://www.ncstrl.org:8900/ncstrl/servlet/search?formname=detail&id=oai%3Ancstrlh%3Aumass_cs%3Ancstrl.umassa_cs%2F%2FUM-CS-1987-018},
}

@TechReport{Buss:1987:VTB:897367,
  author    = {Buss, Jonathan F. and Rosenberg, Arnold L. and Knott, Judson D.},
  title     = {Vertex Types in Book-Embeddings},
  date      = {1987},
  location  = {Amherst, MA, USA},
  publisher = {University of Massachusetts},
  source    = {http://www.ncstrl.org:8900/ncstrl/servlet/search?formname=detail&id=oai%3Ancstrlh%3Aumass_cs%3Ancstrl.umassa_cs%2F%2FUM-CS-1987-018},
}

% whole proceedings

@Proceedings{Czerwinski:2008:1358628,
  title     = {CHI '08: CHI '08 extended abstracts on Human factors in computing systems},
  date      = {2008},
  note      = {General Chair-Czerwinski, Mary and General Chair-Lund, Arnie and Program Chair-Tan, Desney},
  publisher = {ACM},
  location  = {Florence, Italy},
  address   = {New York, NY, USA},
  order_no  = {608085},
}

% phdthesis

@PhdThesis{Clarkson:1985:ACP:911891,
  author      = {Clarkson, Kenneth Lee},
  title       = {Algorithms for Closest-Point Problems (Computational Geometry)},
  institution = {Stanford University},
  date        = {1985},
  note        = {AAT 8506171},
  location    = {Stanford, CA, USA},
  advisor     = {Yao, Andrew C.},
}
% school is being picked up -- but not publisher (which is OK)
% Also -- the title is NOT being output in italics !!! Arrrrgh! - I fixed it. :-)


%%% compare with 'old'
%%% atsign-Phdthesis{Clarkson85,
%%%  author =       "Kenneth L. Clarkson",
%%%  year =         "1985",
%%%  title =        "Algorithms for Closest-Point Problems (Computational Geometry)",
%%%  school =       "Stanford University",
%%%  address =      "Palo Alto, CA",
%%%  note =         "UMI Order Number: AAT 8506171",
%%%  type =         "",
%%%  month =        "",
%%%}

% A bibliography

@Article{1984:1040142,
  journaltitle = {SIGCOMM Comput. Commun. Rev.},
  date         = {1984},
  volume       = {13-14},
  number       = {5-1},
  issn         = {0146-4833},
  issue_date   = {January/April 1984},
  location     = {New York, NY, USA},
  publisher    = {ACM},
}


% grinder

@InProceedings{2004:ITE:1009386.1010128,
  title     = {IEEE TCSC Executive Committee},
  booktitle = {Proceedings of the IEEE International Conference on Web Services},
  date      = {2004},
  series    = {ICWS '04},
  publisher = {IEEE Computer Society},
  location  = {Washington, DC, USA},
  isbn      = {0-7695-2167-3},
  pages     = {21--22},
  doi       = {10.1109/ICWS.2004.64},
  acmid     = {1010128},
  sortkey   = {IEEE},
}

% div book

@Book{Mullender:1993:DS:302430,
  title     = {Distributed systems (2nd Ed.)},
  date      = {1993},
  editor    = {Mullender, Sape},
  publisher = {ACM Press/Addison-Wesley Publishing Co.},
  location  = {New York, NY, USA},
  isbn      = {0-201-62427-3},
}

% master thesis (as techreport and thesis)

@TechReport{Petrie:1986:NAD:899644,
  author    = {Petrie, Charles J.},
  title     = {New Algorithms for Dependency-Directed Backtracking (Master's thesis)},
  date      = {1986},
  location  = {Austin, TX, USA},
  publisher = {University of Texas at Austin},
  source    = {http://www.ncstrl.org:8900/ncstrl/servlet/search?formname=detail&id=oai%3Ancstrlh%3Autexas_cs%3AUTEXAS_CS%2F%2FAI86-33},
}

@MastersThesis{Petrie:1986:NAD:12345,
  author      = {Petrie, Charles J.},
  title       = {New Algorithms for Dependency-Directed Backtracking (Master's thesis)},
  institution = {University of Texas at Austin},
  date        = {1986},
  location    = {Austin, TX, USA},
  source      = {http://www.ncstrl.org:8900/ncstrl/servlet/search?formname=detail&id=oai%3Ancstrlh%3Autexas_cs%3AUTEXAS_CS%2F%2FAI86-33},
}

@Book{book-minimal,
  author    = {Donald E. Knuth},
  title     = {Seminumerical Algorithms},
  date      = {1981},
  publisher = {Addison-Wesley},
}

% incollection (has an editor, title, and possibly a booktitle)

@InCollection{KA:2001,
  author    = {Kong, Wei-Chang},
  title     = {The implementation of electronic commerce in SMEs in Singapore (as Incoll)},
  booktitle = {E-commerce and cultural values},
  date      = {2001},
  publisher = {IGI Publishing},
  location  = {Hershey, PA, USA},
  isbn      = {1-59140-056-2},
  pages     = {51--74},
  url       = {http://portal.acm.org/citation.cfm?id=887006.887010},
  acmid     = {887010},
  numpages  = {24},
}


% with bibfield 'type' before chapter (note no editor)

@InBook{KAGM:2001,
  author    = {Kong, Wei-Chang},
  title     = {E-commerce and cultural values},
  date      = {2001},
  publisher = {IGI Publishing},
  location  = {Hershey, PA, USA},
  isbn      = {1-59140-056-2},
  chapter   = {The implementation of electronic commerce in SMEs in Singapore (Inbook-w-chap-w-type)},
  pages     = {51--74},
  url       = {http://portal.acm.org/citation.cfm?id=887006.887010},
  acmid     = {887010},
  numpages  = {24},
  type      = {Name of Chapter:},
}

%%% Notes! This is because the atsign-INBOOK citation type specifies EITHER
%%% editor or author, but not both. In my experiments with the harvard/dcu
%%% bibtex style (and presumably this applies to other styles too), bibtex
%%% ignores the editor information if author information exists in an
%%% atsign-INBOOK entry. atsign-INCOLLECTION is far more commonly used in my references,
%%% and in the absence of an editor I believe most bibtex styles will just
%%% ommit the editor from the reference - the chapter information will not
%%% end up in the in-text citation as you suggest it should be but at least
%%% there is a place to put the editor if necessary.



% was 'Inbook' -- changed to incollection - (editor is different to author) - need to tell Asad to codify as such.

@InCollection{Kong:2002:IEC:887006.887010,
  author    = {Kong, Wei-Chang},
  title     = {Chapter 9},
  booktitle = {E-commerce and cultural values (Incoll-w-text (chap 9) 'title')},
  date      = {2002},
  editor    = {Theerasak Thanasankit},
  publisher = {IGI Publishing},
  location  = {Hershey, PA, USA},
  isbn      = {1-59140-056-2},
  pages     = {51--74},
  url       = {http://portal.acm.org/citation.cfm?id=887006.887010},
  acmid     = {887010},
  numpages  = {24},
}

% incol when the chapter is 'text' - due to presence of editor (different to author)

@InCollection{Kong:2003:IEC:887006.887011,
  author    = {Kong, Wei-Chang},
  title     = {The implementation of electronic commerce in SMEs in Singapore (Incoll)},
  booktitle = {E-commerce and cultural values},
  date      = {2003},
  editor    = {Thanasankit, Theerasak},
  publisher = {IGI Publishing},
  location  = {Hershey, PA, USA},
  isbn      = {1-59140-056-2},
  pages     = {51--74},
  url       = {http://portal.acm.org/citation.cfm?id=887006.887010},
  acmid     = {887010},
  numpages  = {24},
}

% ------ test
%incollection{Kong:2003:IEC:887006.887010,
% author = {Kong, Wei-Chang},
% chapter = {The implementation of electronic commerce in SMEs in Singapore (Incoll-text-in-chap)},
% booktitle = {booktitle E-commerce and cultural values},
% title =   {The title},
% editor = {Thanasankit, Theerasak},
% year = {2003},
% isbn = {1-59140-056-2},
% pages = {51--74},
% numpages = {24},
% url = {http://portal.acm.org/citation.cfm?id=887006.887010},
% acmid = {887010},
% publisher = {IGI Publishing},
% address = {Hershey, PA, USA},
%}


% ---------





% Need inbook with num in chapter

% and inbook with number in chapter

@InBook{Kong:2004:IEC:123456.887010,
  author    = {Kong, Wei-Chang},
  title     = {E-commerce and cultural values - (InBook-num-in-chap)},
  date      = {2004},
  editor    = {Theerasak Thanasankit},
  publisher = {IGI Publishing},
  location  = {Hershey, PA, USA},
  isbn      = {1-59140-056-2},
  chapter   = {9},
  pages     = {51--74},
  url       = {http://portal.acm.org/citation.cfm?id=887006.887010},
  acmid     = {887010},
  numpages  = {24},
}


% and inbook with text in chapter

@InBook{Kong:2005:IEC:887006.887010,
  author    = {Kong, Wei-Chang},
  title     = {E-commerce and cultural values (Inbook-text-in-chap)},
  date      = {2005},
  editor    = {Theerasak Thanasankit},
  publisher = {IGI Publishing},
  location  = {Hershey, PA, USA},
  isbn      = {1-59140-056-2},
  chapter   = {The implementation of electronic commerce in SMEs in Singapore},
  pages     = {51--74},
  url       = {http://portal.acm.org/citation.cfm?id=887006.887010},
  acmid     = {887010},
  numpages  = {24},
  type      = {Chapter:},
}


% and inbook with a num and type field

@InBook{Kong:2006:IEC:887006.887010,
  author    = {Kong, Wei-Chang},
  title     = {E-commerce and cultural values (Inbook-num chap)},
  date      = {2006},
  editor    = {Theerasak Thanasankit},
  publisher = {IGI Publishing},
  location  = {Hershey, PA, USA},
  isbn      = {1-59140-056-2},
  chapter   = {22},
  pages     = {51--74},
  url       = {http://portal.acm.org/citation.cfm?id=887006.887010},
  acmid     = {887010},
  numpages  = {24},
  type      = {Chapter (in type field)},
}


% and incol coz we have a BLANK chapter - due to presence of editor
%atIncollection{Kong:2006:IEC:887006.887011,
%  author =     {Kong, Wei-Chang},
%  editor =     {Theerasak Thanasankit},
%  title =      "The title"
%  booktitle =  {E-commerce and cultural values (Incol-coz-blank-chap)},
%  year =       {2006},
%  address =    {Hershey, PA, USA},
%  publisher =  {IGI Publishing},
%  url =        {http://portal.acm.org/citation.cfm?id=887006.887010},
%  type =       {Type!},
%  chapter =    {},
%  pages =      {51--74},
%  numpages =   {24},
%  acmid =      {887010},
%  isbn =       {1-59140-056-2},
%  number =     "",
%  month =      "",
%  note =       "",
%}

@Article{SaeediMEJ10,
  author       = {Mehdi Saeedi and Morteza Saheb Zamani and Mehdi Sedighi},
  title        = {A library-based synthesis methodology for reversible logic},
  journaltitle = {Microelectron. J.},
  date         = {2010-04},
  volume       = {41},
  number       = {4},
  pages        = {185--194},
}

@Article{SaeediJETC10,
  author       = {Mehdi Saeedi and Morteza Saheb Zamani and Mehdi Sedighi and Zahra Sasanian},
  title        = {Synthesis of Reversible Circuit Using Cycle-Based Approach},
  journaltitle = {J. Emerg. Technol. Comput. Syst.},
  date         = {2010-12},
  volume       = {6},
  number       = {4},
}

% Asad's new version

@Article{Kirschmer:2010:AEI:1958016.1958018,
  author       = {Kirschmer, Markus and Voight, John},
  title        = {Algorithmic Enumeration of Ideal Classes for Quaternion Orders},
  journaltitle = {SIAM J. Comput.},
  date         = {2010-01},
  volume       = {39},
  number       = {5},
  pages        = {1714--1747},
  issn         = {0097-5397},
  doi          = {10.1137/080734467},
  acmid        = {1958018},
  issue_date   = {January 2010},
  keywords     = {ideal classes, maximal orders, number theory, quaternion algebras},
  location     = {Philadelphia, PA, USA},
  numpages     = {34},
  publisher    = {Society for Industrial and Applied Mathematics},
}


% incol due to presence of booktitle

@InCollection{Hoare:1972:CIN:1243380.1243382,
  author    = {Hoare, C. A. R.},
  title     = {Chapter II: Notes on data structuring},
  booktitle = {Structured programming (incoll)},
  date      = {1972},
  editor    = {Dahl, O. J. and Dijkstra, E. W. and Hoare, C. A. R.},
  publisher = {Academic Press Ltd.},
  location  = {London, UK, UK},
  isbn      = {0-12-200550-3},
  pages     = {83--174},
  url       = {http://portal.acm.org/citation.cfm?id=1243380.1243382},
  acmid     = {1243382},
  numpages  = {92},
}

% incol due to presence of booktitle

@InCollection{Lee:1978:TQA:800025.1198348,
  author    = {Lee, Jan},
  title     = {Transcript of question and answer session},
  booktitle = {History of programming languages I (incoll)},
  date      = {1981},
  editor    = {Wexelblat, Richard L.},
  publisher = {ACM},
  location  = {New York, NY, USA},
  isbn      = {0-12-745040-8},
  pages     = {68--71},
  doi       = {10.1145/800025.1198348},
  acmid     = {1198348},
  numpages  = {4},
}

% incol due to booktitle

@InCollection{Dijkstra:1979:GSC:1241515.1241518,
  author    = {Dijkstra, E.},
  title     = {Go to statement considered harmful},
  booktitle = {Classics in software engineering (incoll)},
  date      = {1979},
  publisher = {Yourdon Press},
  location  = {Upper Saddle River, NJ, USA},
  isbn      = {0-917072-14-6},
  pages     = {27--33},
  url       = {http://portal.acm.org/citation.cfm?id=1241515.1241518},
  acmid     = {1241518},
  numpages  = {7},
}

% incol due to booktitle

@InCollection{Wenzel:1992:TVA:146022.146089,
  author    = {Wenzel, Elizabeth M.},
  title     = {Three-dimensional virtual acoustic displays},
  booktitle = {Multimedia interface design (incoll)},
  date      = {1992},
  publisher = {ACM},
  location  = {New York, NY, USA},
  isbn      = {0-201-54981-6},
  pages     = {257--288},
  doi       = {10.1145/146022.146089},
  url       = {http://portal.acm.org/citation.cfm?id=146022.146089},
  acmid     = {146089},
  numpages  = {32},
}

% incol due to booktitle

@InCollection{Mumford:1987:MES:54905.54911,
  author    = {Mumford, E.},
  title     = {Managerial expert systems and organizational change: some critical research issues},
  booktitle = {Critical issues in information systems research (incoll)},
  date      = {1987},
  publisher = {John Wiley \& Sons, Inc.},
  location  = {New York, NY, USA},
  isbn      = {0-471-91281-6},
  pages     = {135--155},
  url       = {http://portal.acm.org/citation.cfm?id=54905.54911},
  acmid     = {54911},
  numpages  = {21},
}

@Book{McCracken:1990:SSC:575315,
  author    = {McCracken, Daniel D. and Golden, Donald G.},
  title     = {Simplified Structured COBOL with Microsoft/MicroFocus COBOL},
  date      = {1990},
  publisher = {John Wiley \& Sons, Inc.},
  location  = {New York, NY, USA},
  isbn      = {0471514071},
}

% Let's include Boris / BBeeton entries  (multi-volume works)

@Book{MR781537,
  author     = {Hörmander, Lars},
  title      = {The analysis of linear partial differential operators. III},
  date       = {1985},
  volume     = {275},
  series     = {Grundlehren der Mathematischen Wissenschaften [Fundamental Principles of Mathematical Sciences]},
  note       = {Pseudodifferential operators},
  publisher  = {Springer-Verlag},
  location   = {Berlin, Germany},
  isbn       = {3-540-13828-5},
  pages      = {viii,525},
  mrclass    = {35-02 (35Sxx 47G05 58G15)},
  mrnumber   = {781536 (87d:35002a)},
  mrreviewer = {Min You Qi},
}

@Book{MR781536,
  author     = {Hörmander, Lars},
  title      = {The analysis of linear partial differential operators. IV},
  date       = {1985},
  volume     = {275},
  series     = {Grundlehren der Mathematischen Wissenschaften [Fundamental Principles of Mathematical Sciences]},
  note       = {Fourier integral operators},
  publisher  = {Springer-Verlag},
  location   = {Berlin, Germany},
  isbn       = {3-540-13829-3},
  pages      = {vii+352},
  mrclass    = {35-02 (35Sxx 47G05 58G15)},
  mrnumber   = {781537 (87d:35002b)},
  mrreviewer = {Min You Qi},
}

%%%%%%%%%%%%%%%%%%%%%% Start of Aptara sample bib entries

% acmsmall-sam.bib

@InProceedings{Adya-01,
  author    = {A. Adya and P. Bahl and J. Padhye and A.Wolman and L. Zhou},
  title     = {A multi-radio unification protocol for IEEE 802.11 wireless networks},
  booktitle = {Proceedings of the IEEE 1st International Conference on Broadnets Networks (BroadNets'04)},
  date      = {2004},
  publisher = {IEEE},
  location  = {Los Alamitos, CA},
  pages     = {210--217},
}

@Article{Akyildiz-01,
  author       = {I. F. Akyildiz and W. Su and Y. Sankarasubramaniam and E. Cayirci},
  title        = {Wireless Sensor Networks: A Survey},
  journaltitle = {Comm. ACM},
  date         = {2002},
  volume       = {38},
  number       = {4},
  pages        = {393--422},
}

@Article{Akyildiz-02,
  author       = {I. F. Akyildiz and T. Melodia and K. R. Chowdhury},
  title        = {A Survey on Wireless Multimedia Sensor Networks},
  journaltitle = {Computer Netw.},
  date         = {2007},
  volume       = {51},
  number       = {4},
  pages        = {921--960},
}

@InProceedings{Bahl-02,
  author    = {P. Bahl and R. Chancre and J. Dungeon},
  title     = {SSCH: Slotted Seeded Channel Hopping for Capacity Improvement in IEEE 802.11 Ad-Hoc Wireless Networks},
  booktitle = {Proceeding of the 10th International Conference on Mobile Computing and Networking (MobiCom'04)},
  date      = {2004},
  publisher = {ACM},
  location  = {New York, NY},
  pages     = {112--117},
}

@Misc{CROSSBOW,
  title   = {XBOW Sensor Motes Specifications},
  date    = {2008},
  note    = {http://www.xbow.com},
  sortkey = {CROSSBOW},
}

@Article{Culler-01,
  author       = {D. Culler and D. Estrin and M. Srivastava},
  title        = {Overview of Sensor Networks},
  journaltitle = {IEEE Comput.},
  date         = {2004},
  volume       = {37},
  number       = {8 (Special Issue on Sensor Networks)},
  pages        = {41--49},
  location     = {Los Alamitos, CA},
  publisher    = {IEEE},
}

@Misc{Harvard-01,
  title   = {CodeBlue: Sensor Networks for Medical Care},
  date    = {2008},
  note    = {http://www.eecs.harvard.edu/mdw/ proj/codeblue/},
  sortkey = {Harvard CodeBlue},
}

@InProceedings{Natarajan-01,
  author      = {A. Natarajan and M. Motani and B. de Silva and K. Yap and K. C. Chua},
  title       = {Investigating Network Architectures for Body Sensor Networks},
  booktitle   = {Network Architectures},
  date        = {2007},
  editor      = {G. Whitcomb and P. Neece},
  publisher   = {Keleuven Press},
  location    = {Dayton, OH},
  pages       = {322--328},
  eprint      = {960935712},
  eprintclass = {cs},
}

@TechReport{Tzamaloukas-01,
  author      = {Tzamaloukas, A. and Luna-Aceves, J. J. Garcia},
  title       = {Channel-Hopping Multiple Access},
  institution = {Department of Computer Science, University of California},
  date        = {2000},
  number      = {I-CA2301},
  location    = {Berkeley, CA},
}

@Book{Zhou-06,
  author    = {G. Zhou and J. Lu and C.-Y. Wan and M. D. Yarvis and J. A. Stankovic},
  title     = {Body Sensor Networks},
  date      = {2008},
  publisher = {MIT Press},
  location  = {Cambridge, MA},
}

@MastersThesis{ko94,
  author      = {Jacob Kornerup},
  title       = {Mapping Powerlists onto Hypercubes},
  institution = {The University of Texas at Austin},
  date        = {1994},
  note        = {(In preparation)},
}
%month = "dec",}

@PhdThesis{gerndt:89,
  author      = {Michael Gerndt},
  title       = {Automatic Parallelization for Distributed-Memory Multiprocessing Systems},
  institution = {University of Bonn},
  date        = {1989-12},
  location    = {Bonn, Germany},
}

@Article{6:1:1,
  author       = {J. E. Archer, Jr. and Conway, R. and Schneider, F. B.},
  title        = {User recovery and reversal in interactive systems},
  journaltitle = {ACM Trans. Program. Lang. Syst.},
  date         = {1984-01},
  volume       = {6},
  number       = {1},
  pages        = {1--19},
}

@Article{7:1:137,
  author       = {D. D. Dunlop and V. R. Basili},
  title        = {Generalizing specifications for uniformly implemented loops},
  journaltitle = {ACM Trans. Program. Lang. Syst.},
  date         = {1985-01},
  volume       = {7},
  number       = {1},
  pages        = {137--158},
}

@Article{7:2:183,
  author       = {J. Heering and P. Klint},
  title        = {Towards monolingual programming environments},
  journaltitle = {ACM Trans. Program. Lang. Syst.},
  date         = {1985-04},
  volume       = {7},
  number       = {2},
  pages        = {183--213},
}

@Book{knuth:texbook,
  author    = {Donald E. Knuth},
  title     = {The book},
  date      = {1984},
  publisher = {Addison-Wesley},
  location  = {Reading, MA.},
}

@Article{6:3:380,
  author       = {E. Korach and D. Rotem and N. Santoro},
  title        = {Distributed algorithms for finding centers and medians in networks},
  journaltitle = {ACM Trans. Program. Lang. Syst.},
  date         = {1984-07},
  volume       = {6},
  number       = {3},
  pages        = {380--401},
}

@Book{lamport:latex,
  author    = {Leslie Lamport},
  title     = {: 𝐴 𝐷𝑜𝑐𝑢𝑚𝑒𝑛𝑡 𝑃𝑟𝑒𝑝𝑎𝑟𝑎𝑡𝑖𝑜𝑛 𝑆𝑦𝑠𝑡𝑒𝑚},
  date      = {1986},
  publisher = {Addison-Wesley},
  location  = {Reading, MA.},
}

@Article{7:3:359,
  author       = {F. Nielson},
  title        = {Program transformations in a denotational setting},
  journaltitle = {ACM Trans. Program. Lang. Syst.},
  date         = {1985-07},
  volume       = {7},
  number       = {3},
  pages        = {359--379},
}

%testing

@Book{test,
  author    = {Donald E. Knuth},
  title     = {Seminumerical Algorithms},
  date      = {1981},
  volume    = {2},
  edition   = {2},
  series    = {The Art of Computer Programming},
  publisher = {Addison-Wesley},
  location  = {Reading, MA},
}

@InProceedings{reid:scribe,
  author    = {Brian K. Reid},
  title     = {A high-level approach to computer document formatting},
  booktitle = {Proceedings of the 7th Annual Symposium on Principles of Programming Languages},
  date      = {1980-01},
  publisher = {ACM},
  location  = {New York},
  pages     = {24--31},
}

@Article{Zhou:2010:MMS:1721695.1721705,
  author       = {Zhou, Gang and Wu, Yafeng and Yan, Ting and He, Tian and Huang, Chengdu and Stankovic, John A. and Abdelzaher, Tarek F.},
  title        = {A multifrequency MAC specially designed for wireless sensor network applications},
  journaltitle = {ACM Trans. Embed. Comput. Syst.},
  date         = {2010-04},
  volume       = {9},
  number       = {4},
  pages        = {39},
  issn         = {1539-9087},
  doi          = {10.1145/1721695.1721705},
  acmid        = {1721705},
  articleno    = {39},
  issue_date   = {March 2010},
  keywords     = {Wireless sensor networks, media access control, multi-channel, radio interference, time synchronization},
  location     = {New York, NY, USA},
  numpages     = {41},
  publisher    = {ACM},
}

@Online{TUGInstmem,
  title        = {Institutional members of the Users Group},
  date         = {2017},
  url          = {http://wwtug.org/instmem.html},
  lastaccessed = {May 27, 2017},
  sortkey      = {TUG},
}

@Online{CTANacmart,
  author       = {Boris Veytsman},
  title        = {acmart---Class for typesetting publications of ACM},
  url          = {http://www.ctan.org/pkg/acmart},
  lastaccessed = {May 27, 2017},
}

@Article{bowman:reasoning,
  author       = {Bowman, Mic and Debray, Saumya K. and Peterson, Larry L.},
  title        = {Reasoning About Naming Systems},
  journaltitle = {ACM Trans. Program. Lang. Syst.},
  date         = {1993-11},
  volume       = {15},
  number       = {5},
  pages        = {795--825},
  doi          = {10.1145/161468.161471},
}

@Article{braams:babel,
  author       = {Braams, Johannes},
  title        = {Babel, a Multilingual Style-Option System for Use with LaTeX's Standard Document Styles},
  journaltitle = {TUGboat},
  date         = {1991-06},
  volume       = {12},
  number       = {2},
  pages        = {291--301},
}

@InProceedings{clark:pct,
  author       = {Malcolm Clark},
  title        = {Post Congress Tristesse},
  booktitle    = {TeX90 Conference Proceedings},
  date         = {1991-03},
  organization = {TeX Users Group},
  pages        = {84--89},
}

@Article{herlihy:methodology,
  author       = {Herlihy, Maurice},
  title        = {A Methodology for Implementing Highly Concurrent Data Objects},
  journaltitle = {ACM Trans. Program. Lang. Syst.},
  date         = {1993-11},
  volume       = {15},
  number       = {5},
  pages        = {745--770},
  doi          = {10.1145/161468.161469},
}

@Book{salas:calculus,
  author    = {Salas, S. L. and Hille, Einar},
  title     = {Calculus: One and Several Variable},
  date      = {1978},
  publisher = {John Wiley and Sons},
  location  = {New York},
}

@Manual{Fear05,
  author = {Simon Fear},
  title  = {Publication quality tables in},
  date   = {2005-04},
  note   = {http://www.ctan.org/pkg/booktabs},
}

@Manual{Amsthm15,
  title        = {Using the amsthm Package},
  date         = {2015-04},
  note         = {http://www.ctan.org/pkg/amsthm},
  organization = {American Mathematical Society},
}

@Comment{jabref-meta: databaseType:biblatex;}
